%YAML 1.1
%TAG !u! tag:unity3d.com,2011:
--- !u!29 &1
OcclusionCullingSettings:
  m_ObjectHideFlags: 0
  serializedVersion: 2
  m_OcclusionBakeSettings:
    smallestOccluder: 5
    smallestHole: 0.25
    backfaceThreshold: 100
  m_SceneGUID: 00000000000000000000000000000000
  m_OcclusionCullingData: {fileID: 0}
--- !u!104 &2
RenderSettings:
  m_ObjectHideFlags: 0
  serializedVersion: 8
  m_Fog: 0
  m_FogColor: {r: 0.5, g: 0.5, b: 0.5, a: 1}
  m_FogMode: 3
  m_FogDensity: 0.01
  m_LinearFogStart: 0
  m_LinearFogEnd: 300
  m_AmbientSkyColor: {r: 0.212, g: 0.227, b: 0.259, a: 1}
  m_AmbientEquatorColor: {r: 0.114, g: 0.125, b: 0.133, a: 1}
  m_AmbientGroundColor: {r: 0.047, g: 0.043, b: 0.035, a: 1}
  m_AmbientIntensity: 1
  m_AmbientMode: 3
  m_SubtractiveShadowColor: {r: 0.42, g: 0.478, b: 0.627, a: 1}
  m_SkyboxMaterial: {fileID: 0}
  m_HaloStrength: 0.5
  m_FlareStrength: 1
  m_FlareFadeSpeed: 3
  m_HaloTexture: {fileID: 0}
  m_SpotCookie: {fileID: 10001, guid: 0000000000000000e000000000000000, type: 0}
  m_DefaultReflectionMode: 0
  m_DefaultReflectionResolution: 128
  m_ReflectionBounces: 1
  m_ReflectionIntensity: 1
  m_CustomReflection: {fileID: 0}
  m_Sun: {fileID: 0}
  m_IndirectSpecularColor: {r: 0, g: 0, b: 0, a: 1}
--- !u!157 &3
LightmapSettings:
  m_ObjectHideFlags: 0
  serializedVersion: 11
  m_GIWorkflowMode: 1
  m_GISettings:
    serializedVersion: 2
    m_BounceScale: 1
    m_IndirectOutputScale: 1
    m_AlbedoBoost: 1
    m_TemporalCoherenceThreshold: 1
    m_EnvironmentLightingMode: 0
    m_EnableBakedLightmaps: 0
    m_EnableRealtimeLightmaps: 0
  m_LightmapEditorSettings:
    serializedVersion: 9
    m_Resolution: 2
    m_BakeResolution: 40
    m_TextureWidth: 1024
    m_TextureHeight: 1024
    m_AO: 0
    m_AOMaxDistance: 1
    m_CompAOExponent: 1
    m_CompAOExponentDirect: 0
    m_Padding: 2
    m_LightmapParameters: {fileID: 0}
    m_LightmapsBakeMode: 1
    m_TextureCompression: 1
    m_FinalGather: 0
    m_FinalGatherFiltering: 1
    m_FinalGatherRayCount: 256
    m_ReflectionCompression: 2
    m_MixedBakeMode: 2
    m_BakeBackend: 0
    m_PVRSampling: 1
    m_PVRDirectSampleCount: 32
    m_PVRSampleCount: 500
    m_PVRBounces: 2
    m_PVRFilterTypeDirect: 0
    m_PVRFilterTypeIndirect: 0
    m_PVRFilterTypeAO: 0
    m_PVRFilteringMode: 1
    m_PVRCulling: 1
    m_PVRFilteringGaussRadiusDirect: 1
    m_PVRFilteringGaussRadiusIndirect: 5
    m_PVRFilteringGaussRadiusAO: 2
    m_PVRFilteringAtrousPositionSigmaDirect: 0.5
    m_PVRFilteringAtrousPositionSigmaIndirect: 2
    m_PVRFilteringAtrousPositionSigmaAO: 1
    m_ShowResolutionOverlay: 1
  m_LightingDataAsset: {fileID: 0}
  m_UseShadowmask: 1
--- !u!196 &4
NavMeshSettings:
  serializedVersion: 2
  m_ObjectHideFlags: 0
  m_BuildSettings:
    serializedVersion: 2
    agentTypeID: 0
    agentRadius: 0.5
    agentHeight: 2
    agentSlope: 45
    agentClimb: 0.4
    ledgeDropHeight: 0
    maxJumpAcrossDistance: 0
    minRegionArea: 2
    manualCellSize: 0
    cellSize: 0.16666667
    manualTileSize: 0
    tileSize: 256
    accuratePlacement: 0
    debug:
      m_Flags: 0
  m_NavMeshData: {fileID: 0}
--- !u!1001 &27297995
Prefab:
  m_ObjectHideFlags: 0
  serializedVersion: 2
  m_Modification:
    m_TransformParent: {fileID: 578634113}
    m_Modifications:
    - target: {fileID: 4260252827457976, guid: d73192bf1792efe4ea5b3732229b4607, type: 2}
      propertyPath: m_LocalPosition.x
      value: 1.783349
      objectReference: {fileID: 0}
    - target: {fileID: 4260252827457976, guid: d73192bf1792efe4ea5b3732229b4607, type: 2}
      propertyPath: m_LocalPosition.y
      value: 0.80083513
      objectReference: {fileID: 0}
    - target: {fileID: 4260252827457976, guid: d73192bf1792efe4ea5b3732229b4607, type: 2}
      propertyPath: m_LocalPosition.z
      value: 0.98339844
      objectReference: {fileID: 0}
    - target: {fileID: 4260252827457976, guid: d73192bf1792efe4ea5b3732229b4607, type: 2}
      propertyPath: m_LocalRotation.x
      value: -0
      objectReference: {fileID: 0}
    - target: {fileID: 4260252827457976, guid: d73192bf1792efe4ea5b3732229b4607, type: 2}
      propertyPath: m_LocalRotation.y
      value: -0
      objectReference: {fileID: 0}
    - target: {fileID: 4260252827457976, guid: d73192bf1792efe4ea5b3732229b4607, type: 2}
      propertyPath: m_LocalRotation.z
      value: -0
      objectReference: {fileID: 0}
    - target: {fileID: 4260252827457976, guid: d73192bf1792efe4ea5b3732229b4607, type: 2}
      propertyPath: m_LocalRotation.w
      value: 1
      objectReference: {fileID: 0}
    - target: {fileID: 4260252827457976, guid: d73192bf1792efe4ea5b3732229b4607, type: 2}
      propertyPath: m_RootOrder
      value: 5
      objectReference: {fileID: 0}
    - target: {fileID: 114556241379272044, guid: d73192bf1792efe4ea5b3732229b4607,
        type: 2}
      propertyPath: player
      value: 
      objectReference: {fileID: 656103157}
    - target: {fileID: 1082827368273490, guid: d73192bf1792efe4ea5b3732229b4607, type: 2}
      propertyPath: m_Name
      value: Block (12)
      objectReference: {fileID: 0}
    - target: {fileID: 4260252827457976, guid: d73192bf1792efe4ea5b3732229b4607, type: 2}
      propertyPath: m_LocalScale.x
      value: 0.25
      objectReference: {fileID: 0}
    - target: {fileID: 4260252827457976, guid: d73192bf1792efe4ea5b3732229b4607, type: 2}
      propertyPath: m_LocalScale.y
      value: 0.25
      objectReference: {fileID: 0}
    - target: {fileID: 114556241379272044, guid: d73192bf1792efe4ea5b3732229b4607,
        type: 2}
      propertyPath: health
      value: 2
      objectReference: {fileID: 0}
    m_RemovedComponents: []
  m_ParentPrefab: {fileID: 100100000, guid: d73192bf1792efe4ea5b3732229b4607, type: 2}
  m_IsPrefabParent: 0
--- !u!4 &51424318 stripped
Transform:
  m_PrefabParentObject: {fileID: 4260252827457976, guid: d73192bf1792efe4ea5b3732229b4607,
    type: 2}
  m_PrefabInternal: {fileID: 462281232}
--- !u!1 &117795959
GameObject:
  m_ObjectHideFlags: 0
  m_PrefabParentObject: {fileID: 0}
  m_PrefabInternal: {fileID: 0}
  serializedVersion: 5
  m_Component:
  - component: {fileID: 117795963}
  - component: {fileID: 117795962}
  - component: {fileID: 117795961}
  - component: {fileID: 117795960}
  - component: {fileID: 117795964}
  m_Layer: 0
  m_Name: Camera
  m_TagString: MainCamera
  m_Icon: {fileID: 0}
  m_NavMeshLayer: 0
  m_StaticEditorFlags: 0
  m_IsActive: 1
--- !u!81 &117795960
AudioListener:
  m_ObjectHideFlags: 0
  m_PrefabParentObject: {fileID: 0}
  m_PrefabInternal: {fileID: 0}
  m_GameObject: {fileID: 117795959}
  m_Enabled: 1
--- !u!124 &117795961
Behaviour:
  m_ObjectHideFlags: 0
  m_PrefabParentObject: {fileID: 0}
  m_PrefabInternal: {fileID: 0}
  m_GameObject: {fileID: 117795959}
  m_Enabled: 1
--- !u!20 &117795962
Camera:
  m_ObjectHideFlags: 0
  m_PrefabParentObject: {fileID: 0}
  m_PrefabInternal: {fileID: 0}
  m_GameObject: {fileID: 117795959}
  m_Enabled: 1
  serializedVersion: 2
  m_ClearFlags: 1
  m_BackGroundColor: {r: 0.19215687, g: 0.3019608, b: 0.4745098, a: 0}
  m_NormalizedViewPortRect:
    serializedVersion: 2
    x: 0
    y: 0
    width: 1
    height: 1
  near clip plane: 0.3
  far clip plane: 1000
  field of view: 60
  orthographic: 1
  orthographic size: 5
  m_Depth: -1
  m_CullingMask:
    serializedVersion: 2
    m_Bits: 4294967295
  m_RenderingPath: -1
  m_TargetTexture: {fileID: 0}
  m_TargetDisplay: 0
  m_TargetEye: 3
  m_HDR: 1
  m_AllowMSAA: 1
  m_AllowDynamicResolution: 0
  m_ForceIntoRT: 0
  m_OcclusionCulling: 1
  m_StereoConvergence: 10
  m_StereoSeparation: 0.022
--- !u!4 &117795963
Transform:
  m_ObjectHideFlags: 0
  m_PrefabParentObject: {fileID: 0}
  m_PrefabInternal: {fileID: 0}
  m_GameObject: {fileID: 117795959}
  m_LocalRotation: {x: 0, y: 0, z: 0, w: 1}
  m_LocalPosition: {x: 0, y: -0.61, z: -10}
  m_LocalScale: {x: 1, y: 1, z: 1}
  m_Children: []
  m_Father: {fileID: 0}
  m_RootOrder: 0
  m_LocalEulerAnglesHint: {x: 0, y: 0, z: 0}
--- !u!114 &117795964
MonoBehaviour:
  m_ObjectHideFlags: 0
  m_PrefabParentObject: {fileID: 0}
  m_PrefabInternal: {fileID: 0}
  m_GameObject: {fileID: 117795959}
  m_Enabled: 1
  m_EditorHideFlags: 0
  m_Script: {fileID: 11500000, guid: 7953de6e0d1a55f499b4350af8000274, type: 3}
  m_Name: 
  m_EditorClassIdentifier: 
  player: {fileID: 656103154}
  CameraSpeed: 0.1
--- !u!4 &133933104 stripped
Transform:
  m_PrefabParentObject: {fileID: 4260252827457976, guid: d73192bf1792efe4ea5b3732229b4607,
    type: 2}
  m_PrefabInternal: {fileID: 2101343337}
--- !u!1001 &256909270
Prefab:
  m_ObjectHideFlags: 0
  serializedVersion: 2
  m_Modification:
    m_TransformParent: {fileID: 578634113}
    m_Modifications:
    - target: {fileID: 4260252827457976, guid: d73192bf1792efe4ea5b3732229b4607, type: 2}
      propertyPath: m_LocalPosition.x
      value: 1.783349
      objectReference: {fileID: 0}
    - target: {fileID: 4260252827457976, guid: d73192bf1792efe4ea5b3732229b4607, type: 2}
      propertyPath: m_LocalPosition.y
      value: -0.19916487
      objectReference: {fileID: 0}
    - target: {fileID: 4260252827457976, guid: d73192bf1792efe4ea5b3732229b4607, type: 2}
      propertyPath: m_LocalPosition.z
      value: 0.98339844
      objectReference: {fileID: 0}
    - target: {fileID: 4260252827457976, guid: d73192bf1792efe4ea5b3732229b4607, type: 2}
      propertyPath: m_LocalRotation.x
      value: -0
      objectReference: {fileID: 0}
    - target: {fileID: 4260252827457976, guid: d73192bf1792efe4ea5b3732229b4607, type: 2}
      propertyPath: m_LocalRotation.y
      value: -0
      objectReference: {fileID: 0}
    - target: {fileID: 4260252827457976, guid: d73192bf1792efe4ea5b3732229b4607, type: 2}
      propertyPath: m_LocalRotation.z
      value: -0
      objectReference: {fileID: 0}
    - target: {fileID: 4260252827457976, guid: d73192bf1792efe4ea5b3732229b4607, type: 2}
      propertyPath: m_LocalRotation.w
      value: 1
      objectReference: {fileID: 0}
    - target: {fileID: 4260252827457976, guid: d73192bf1792efe4ea5b3732229b4607, type: 2}
      propertyPath: m_RootOrder
      value: 4
      objectReference: {fileID: 0}
    - target: {fileID: 114556241379272044, guid: d73192bf1792efe4ea5b3732229b4607,
        type: 2}
      propertyPath: player
      value: 
      objectReference: {fileID: 656103157}
    - target: {fileID: 1082827368273490, guid: d73192bf1792efe4ea5b3732229b4607, type: 2}
      propertyPath: m_Name
      value: Block (11)
      objectReference: {fileID: 0}
    - target: {fileID: 114556241379272044, guid: d73192bf1792efe4ea5b3732229b4607,
        type: 2}
      propertyPath: health
      value: 2
      objectReference: {fileID: 0}
    m_RemovedComponents: []
  m_ParentPrefab: {fileID: 100100000, guid: d73192bf1792efe4ea5b3732229b4607, type: 2}
  m_IsPrefabParent: 0
--- !u!1 &302397305
GameObject:
  m_ObjectHideFlags: 0
  m_PrefabParentObject: {fileID: 0}
  m_PrefabInternal: {fileID: 0}
  serializedVersion: 5
  m_Component:
  - component: {fileID: 302397307}
  - component: {fileID: 302397306}
  m_Layer: 0
  m_Name: groundGrass (2)
  m_TagString: Untagged
  m_Icon: {fileID: 0}
  m_NavMeshLayer: 0
  m_StaticEditorFlags: 0
  m_IsActive: 1
--- !u!212 &302397306
SpriteRenderer:
  m_ObjectHideFlags: 0
  m_PrefabParentObject: {fileID: 0}
  m_PrefabInternal: {fileID: 0}
  m_GameObject: {fileID: 302397305}
  m_Enabled: 1
  m_CastShadows: 0
  m_ReceiveShadows: 0
  m_DynamicOccludee: 1
  m_MotionVectors: 1
  m_LightProbeUsage: 1
  m_ReflectionProbeUsage: 1
  m_Materials:
  - {fileID: 10754, guid: 0000000000000000f000000000000000, type: 0}
  m_StaticBatchInfo:
    firstSubMesh: 0
    subMeshCount: 0
  m_StaticBatchRoot: {fileID: 0}
  m_ProbeAnchor: {fileID: 0}
  m_LightProbeVolumeOverride: {fileID: 0}
  m_ScaleInLightmap: 1
  m_PreserveUVs: 0
  m_IgnoreNormalsForChartDetection: 0
  m_ImportantGI: 0
  m_StitchLightmapSeams: 0
  m_SelectedEditorRenderState: 0
  m_MinimumChartSize: 4
  m_AutoUVMaxDistance: 0.5
  m_AutoUVMaxAngle: 89
  m_LightmapParameters: {fileID: 0}
  m_SortingLayerID: 0
  m_SortingLayer: 0
  m_SortingOrder: 0
  m_Sprite: {fileID: 21300000, guid: 06687166a056a8146900f28f8147c37b, type: 3}
  m_Color: {r: 1, g: 1, b: 1, a: 1}
  m_FlipX: 0
  m_FlipY: 0
  m_DrawMode: 0
  m_Size: {x: 5.12, y: 5.12}
  m_AdaptiveModeThreshold: 0.5
  m_SpriteTileMode: 0
  m_WasSpriteAssigned: 1
  m_MaskInteraction: 0
--- !u!4 &302397307
Transform:
  m_ObjectHideFlags: 0
  m_PrefabParentObject: {fileID: 0}
  m_PrefabInternal: {fileID: 0}
  m_GameObject: {fileID: 302397305}
  m_LocalRotation: {x: -0, y: -0, z: -0, w: 1}
  m_LocalPosition: {x: -2.7398014, y: 1.7787821, z: 1}
  m_LocalScale: {x: 1, y: 1, z: 1}
  m_Children: []
  m_Father: {fileID: 468068971}
  m_RootOrder: 2
  m_LocalEulerAnglesHint: {x: 0, y: 0, z: 0}
--- !u!4 &420529070 stripped
Transform:
  m_PrefabParentObject: {fileID: 4260252827457976, guid: d73192bf1792efe4ea5b3732229b4607,
    type: 2}
  m_PrefabInternal: {fileID: 830287514}
--- !u!1 &454726298
GameObject:
  m_ObjectHideFlags: 0
  m_PrefabParentObject: {fileID: 0}
  m_PrefabInternal: {fileID: 0}
  serializedVersion: 5
  m_Component:
  - component: {fileID: 454726300}
  - component: {fileID: 454726299}
  m_Layer: 0
  m_Name: groundGrass (1)
  m_TagString: Untagged
  m_Icon: {fileID: 0}
  m_NavMeshLayer: 0
  m_StaticEditorFlags: 0
  m_IsActive: 1
--- !u!212 &454726299
SpriteRenderer:
  m_ObjectHideFlags: 0
  m_PrefabParentObject: {fileID: 0}
  m_PrefabInternal: {fileID: 0}
  m_GameObject: {fileID: 454726298}
  m_Enabled: 1
  m_CastShadows: 0
  m_ReceiveShadows: 0
  m_DynamicOccludee: 1
  m_MotionVectors: 1
  m_LightProbeUsage: 1
  m_ReflectionProbeUsage: 1
  m_Materials:
  - {fileID: 10754, guid: 0000000000000000f000000000000000, type: 0}
  m_StaticBatchInfo:
    firstSubMesh: 0
    subMeshCount: 0
  m_StaticBatchRoot: {fileID: 0}
  m_ProbeAnchor: {fileID: 0}
  m_LightProbeVolumeOverride: {fileID: 0}
  m_ScaleInLightmap: 1
  m_PreserveUVs: 0
  m_IgnoreNormalsForChartDetection: 0
  m_ImportantGI: 0
  m_StitchLightmapSeams: 0
  m_SelectedEditorRenderState: 0
  m_MinimumChartSize: 4
  m_AutoUVMaxDistance: 0.5
  m_AutoUVMaxAngle: 89
  m_LightmapParameters: {fileID: 0}
  m_SortingLayerID: 0
  m_SortingLayer: 0
  m_SortingOrder: 0
  m_Sprite: {fileID: 21300000, guid: 06687166a056a8146900f28f8147c37b, type: 3}
  m_Color: {r: 1, g: 1, b: 1, a: 1}
  m_FlipX: 0
  m_FlipY: 0
  m_DrawMode: 0
  m_Size: {x: 5.12, y: 5.12}
  m_AdaptiveModeThreshold: 0.5
  m_SpriteTileMode: 0
  m_WasSpriteAssigned: 1
  m_MaskInteraction: 0
--- !u!4 &454726300
Transform:
  m_ObjectHideFlags: 0
  m_PrefabParentObject: {fileID: 0}
  m_PrefabInternal: {fileID: 0}
  m_GameObject: {fileID: 454726298}
  m_LocalRotation: {x: -0, y: -0, z: -0, w: 1}
  m_LocalPosition: {x: 2.381199, y: -3.337218, z: 1}
  m_LocalScale: {x: 1, y: 1, z: 1}
  m_Children: []
  m_Father: {fileID: 468068971}
  m_RootOrder: 1
  m_LocalEulerAnglesHint: {x: 0, y: 0, z: 0}
--- !u!1001 &462281232
Prefab:
  m_ObjectHideFlags: 0
  serializedVersion: 2
  m_Modification:
    m_TransformParent: {fileID: 578634113}
    m_Modifications:
    - target: {fileID: 4260252827457976, guid: d73192bf1792efe4ea5b3732229b4607, type: 2}
      propertyPath: m_LocalPosition.x
      value: -1.216651
      objectReference: {fileID: 0}
    - target: {fileID: 4260252827457976, guid: d73192bf1792efe4ea5b3732229b4607, type: 2}
      propertyPath: m_LocalPosition.y
      value: 4.800835
      objectReference: {fileID: 0}
    - target: {fileID: 4260252827457976, guid: d73192bf1792efe4ea5b3732229b4607, type: 2}
      propertyPath: m_LocalPosition.z
      value: 0.98339844
      objectReference: {fileID: 0}
    - target: {fileID: 4260252827457976, guid: d73192bf1792efe4ea5b3732229b4607, type: 2}
      propertyPath: m_LocalRotation.x
      value: -0
      objectReference: {fileID: 0}
    - target: {fileID: 4260252827457976, guid: d73192bf1792efe4ea5b3732229b4607, type: 2}
      propertyPath: m_LocalRotation.y
      value: -0
      objectReference: {fileID: 0}
    - target: {fileID: 4260252827457976, guid: d73192bf1792efe4ea5b3732229b4607, type: 2}
      propertyPath: m_LocalRotation.z
      value: -0
      objectReference: {fileID: 0}
    - target: {fileID: 4260252827457976, guid: d73192bf1792efe4ea5b3732229b4607, type: 2}
      propertyPath: m_LocalRotation.w
      value: 1
      objectReference: {fileID: 0}
    - target: {fileID: 4260252827457976, guid: d73192bf1792efe4ea5b3732229b4607, type: 2}
      propertyPath: m_RootOrder
      value: 17
      objectReference: {fileID: 0}
    - target: {fileID: 114556241379272044, guid: d73192bf1792efe4ea5b3732229b4607,
        type: 2}
      propertyPath: player
      value: 
      objectReference: {fileID: 656103157}
    - target: {fileID: 1082827368273490, guid: d73192bf1792efe4ea5b3732229b4607, type: 2}
      propertyPath: m_Name
      value: Block (24)
      objectReference: {fileID: 0}
    - target: {fileID: 4260252827457976, guid: d73192bf1792efe4ea5b3732229b4607, type: 2}
      propertyPath: m_LocalScale.x
      value: 0.25
      objectReference: {fileID: 0}
    - target: {fileID: 4260252827457976, guid: d73192bf1792efe4ea5b3732229b4607, type: 2}
      propertyPath: m_LocalScale.y
      value: 0.25
      objectReference: {fileID: 0}
    - target: {fileID: 114556241379272044, guid: d73192bf1792efe4ea5b3732229b4607,
        type: 2}
      propertyPath: health
      value: 2
      objectReference: {fileID: 0}
    m_RemovedComponents: []
  m_ParentPrefab: {fileID: 100100000, guid: d73192bf1792efe4ea5b3732229b4607, type: 2}
  m_IsPrefabParent: 0
--- !u!1 &468068970
GameObject:
  m_ObjectHideFlags: 0
  m_PrefabParentObject: {fileID: 0}
  m_PrefabInternal: {fileID: 0}
  serializedVersion: 5
  m_Component:
  - component: {fileID: 468068971}
  m_Layer: 0
  m_Name: Level
  m_TagString: Untagged
  m_Icon: {fileID: 0}
  m_NavMeshLayer: 0
  m_StaticEditorFlags: 0
  m_IsActive: 0
--- !u!4 &468068971
Transform:
  m_ObjectHideFlags: 0
  m_PrefabParentObject: {fileID: 0}
  m_PrefabInternal: {fileID: 0}
  m_GameObject: {fileID: 468068970}
  m_LocalRotation: {x: 0, y: 0, z: 0, w: 1}
  m_LocalPosition: {x: 0.7298013, y: 0.120217934, z: -0.0078125}
  m_LocalScale: {x: 1, y: 1, z: 1}
  m_Children:
  - {fileID: 1380915533}
  - {fileID: 454726300}
  - {fileID: 302397307}
  - {fileID: 1841785728}
  m_Father: {fileID: 0}
  m_RootOrder: 2
  m_LocalEulerAnglesHint: {x: 0, y: 0, z: 0}
--- !u!4 &535274879 stripped
Transform:
  m_PrefabParentObject: {fileID: 4260252827457976, guid: d73192bf1792efe4ea5b3732229b4607,
    type: 2}
  m_PrefabInternal: {fileID: 1146433882}
--- !u!1 &578634112
GameObject:
  m_ObjectHideFlags: 0
  m_PrefabParentObject: {fileID: 0}
  m_PrefabInternal: {fileID: 0}
  serializedVersion: 5
  m_Component:
  - component: {fileID: 578634113}
  m_Layer: 0
  m_Name: Blocks
  m_TagString: Untagged
  m_Icon: {fileID: 0}
  m_NavMeshLayer: 0
  m_StaticEditorFlags: 0
  m_IsActive: 1
--- !u!4 &578634113
Transform:
  m_ObjectHideFlags: 0
  m_PrefabParentObject: {fileID: 0}
  m_PrefabInternal: {fileID: 0}
  m_GameObject: {fileID: 578634112}
  m_LocalRotation: {x: 0, y: 0, z: 0, w: 1}
  m_LocalPosition: {x: 0.7166509, y: -1.3008351, z: 0.016601562}
  m_LocalScale: {x: 1, y: 1, z: 1}
  m_Children:
  - {fileID: 1621146390}
  - {fileID: 1148133144}
  - {fileID: 1766447839}
  - {fileID: 789474034}
  - {fileID: 1310088557}
  - {fileID: 1696519666}
  - {fileID: 133933104}
  - {fileID: 1841403679}
  - {fileID: 1356824480}
  - {fileID: 1745965790}
  - {fileID: 1996733042}
  - {fileID: 1441597906}
  - {fileID: 742561425}
  - {fileID: 420529070}
  - {fileID: 535274879}
  - {fileID: 1316414476}
  - {fileID: 1667944885}
  - {fileID: 51424318}
  - {fileID: 2077664590}
  m_Father: {fileID: 0}
  m_RootOrder: 3
  m_LocalEulerAnglesHint: {x: 0, y: 0, z: 0}
--- !u!1 &656103153
GameObject:
  m_ObjectHideFlags: 0
  m_PrefabParentObject: {fileID: 0}
  m_PrefabInternal: {fileID: 0}
  serializedVersion: 5
  m_Component:
  - component: {fileID: 656103154}
  - component: {fileID: 656103155}
  - component: {fileID: 656103156}
  - component: {fileID: 656103157}
  - component: {fileID: 656103158}
  - component: {fileID: 656103159}
  m_Layer: 0
  m_Name: Player
  m_TagString: Player
  m_Icon: {fileID: 0}
  m_NavMeshLayer: 0
  m_StaticEditorFlags: 0
  m_IsActive: 1
--- !u!4 &656103154
Transform:
  m_ObjectHideFlags: 0
  m_PrefabParentObject: {fileID: 0}
  m_PrefabInternal: {fileID: 0}
  m_GameObject: {fileID: 656103153}
  m_LocalRotation: {x: -0, y: -0, z: -0, w: 1}
  m_LocalPosition: {x: -0.5, y: 0, z: 0}
  m_LocalScale: {x: 1, y: 1, z: 1}
  m_Children: []
  m_Father: {fileID: 0}
  m_RootOrder: 1
  m_LocalEulerAnglesHint: {x: 0, y: 0, z: 0}
--- !u!212 &656103155
SpriteRenderer:
  m_ObjectHideFlags: 0
  m_PrefabParentObject: {fileID: 0}
  m_PrefabInternal: {fileID: 0}
  m_GameObject: {fileID: 656103153}
  m_Enabled: 1
  m_CastShadows: 0
  m_ReceiveShadows: 0
  m_DynamicOccludee: 1
  m_MotionVectors: 1
  m_LightProbeUsage: 1
  m_ReflectionProbeUsage: 1
  m_Materials:
  - {fileID: 10754, guid: 0000000000000000f000000000000000, type: 0}
  m_StaticBatchInfo:
    firstSubMesh: 0
    subMeshCount: 0
  m_StaticBatchRoot: {fileID: 0}
  m_ProbeAnchor: {fileID: 0}
  m_LightProbeVolumeOverride: {fileID: 0}
  m_ScaleInLightmap: 1
  m_PreserveUVs: 0
  m_IgnoreNormalsForChartDetection: 0
  m_ImportantGI: 0
  m_StitchLightmapSeams: 0
  m_SelectedEditorRenderState: 0
  m_MinimumChartSize: 4
  m_AutoUVMaxDistance: 0.5
  m_AutoUVMaxAngle: 89
  m_LightmapParameters: {fileID: 0}
  m_SortingLayerID: 0
  m_SortingLayer: 0
  m_SortingOrder: 0
  m_Sprite: {fileID: 21300000, guid: 77661b87f5e4d7c49b2dd38272c7b59b, type: 3}
  m_Color: {r: 1, g: 1, b: 1, a: 1}
  m_FlipX: 0
  m_FlipY: 0
  m_DrawMode: 0
  m_Size: {x: 2.4, y: 3.2}
  m_AdaptiveModeThreshold: 0.5
  m_SpriteTileMode: 0
  m_WasSpriteAssigned: 1
  m_MaskInteraction: 0
--- !u!95 &656103156
Animator:
  serializedVersion: 3
  m_ObjectHideFlags: 0
  m_PrefabParentObject: {fileID: 0}
  m_PrefabInternal: {fileID: 0}
  m_GameObject: {fileID: 656103153}
  m_Enabled: 1
  m_Avatar: {fileID: 0}
  m_Controller: {fileID: 9100000, guid: f441a5762d724b34d84fc70956738c9d, type: 2}
  m_CullingMode: 0
  m_UpdateMode: 0
  m_ApplyRootMotion: 0
  m_LinearVelocityBlending: 0
  m_WarningMessage: 
  m_HasTransformHierarchy: 1
  m_AllowConstantClipSamplingOptimization: 1
--- !u!114 &656103157
MonoBehaviour:
  m_ObjectHideFlags: 0
  m_PrefabParentObject: {fileID: 0}
  m_PrefabInternal: {fileID: 0}
  m_GameObject: {fileID: 656103153}
  m_Enabled: 1
  m_EditorHideFlags: 0
  m_Script: {fileID: 11500000, guid: 26d193bac2824894ea56de3a01121395, type: 3}
  m_Name: 
  m_EditorClassIdentifier: 
  speed: 1
  lerpSpeed: 0.25
--- !u!61 &656103158
BoxCollider2D:
  m_ObjectHideFlags: 0
  m_PrefabParentObject: {fileID: 0}
  m_PrefabInternal: {fileID: 0}
  m_GameObject: {fileID: 656103153}
  m_Enabled: 1
  m_Density: 1
  m_Material: {fileID: 0}
  m_IsTrigger: 0
  m_UsedByEffector: 0
  m_UsedByComposite: 0
  m_Offset: {x: 0, y: -1.4}
  m_SpriteTilingProperty:
    border: {x: 0, y: 0, z: 0, w: 0}
    pivot: {x: 0.5, y: 0.5}
    oldSize: {x: 2.4, y: 3.2}
    newSize: {x: 2.4, y: 3.2}
    adaptiveTilingThreshold: 0.5
    drawMode: 0
    adaptiveTiling: 0
  m_AutoTiling: 0
  serializedVersion: 2
  m_Size: {x: 0.6, y: 0.6}
  m_EdgeRadius: 0
--- !u!50 &656103159
Rigidbody2D:
  serializedVersion: 4
  m_ObjectHideFlags: 0
  m_PrefabParentObject: {fileID: 0}
  m_PrefabInternal: {fileID: 0}
  m_GameObject: {fileID: 656103153}
  m_BodyType: 0
  m_Simulated: 1
  m_UseFullKinematicContacts: 0
  m_UseAutoMass: 0
  m_Mass: 1
  m_LinearDrag: 0
  m_AngularDrag: 0.05
  m_GravityScale: 0
  m_Material: {fileID: 0}
  m_Interpolate: 0
  m_SleepingMode: 1
  m_CollisionDetection: 0
  m_Constraints: 4
--- !u!1001 &691337552
Prefab:
  m_ObjectHideFlags: 0
  serializedVersion: 2
  m_Modification:
    m_TransformParent: {fileID: 578634113}
    m_Modifications:
    - target: {fileID: 4260252827457976, guid: d73192bf1792efe4ea5b3732229b4607, type: 2}
      propertyPath: m_LocalPosition.x
      value: -3.216651
      objectReference: {fileID: 0}
    - target: {fileID: 4260252827457976, guid: d73192bf1792efe4ea5b3732229b4607, type: 2}
      propertyPath: m_LocalPosition.y
      value: 0.80083513
      objectReference: {fileID: 0}
    - target: {fileID: 4260252827457976, guid: d73192bf1792efe4ea5b3732229b4607, type: 2}
      propertyPath: m_LocalPosition.z
      value: 0.98339844
      objectReference: {fileID: 0}
    - target: {fileID: 4260252827457976, guid: d73192bf1792efe4ea5b3732229b4607, type: 2}
      propertyPath: m_LocalRotation.x
      value: -0
      objectReference: {fileID: 0}
    - target: {fileID: 4260252827457976, guid: d73192bf1792efe4ea5b3732229b4607, type: 2}
      propertyPath: m_LocalRotation.y
      value: -0
      objectReference: {fileID: 0}
    - target: {fileID: 4260252827457976, guid: d73192bf1792efe4ea5b3732229b4607, type: 2}
      propertyPath: m_LocalRotation.z
      value: -0
      objectReference: {fileID: 0}
    - target: {fileID: 4260252827457976, guid: d73192bf1792efe4ea5b3732229b4607, type: 2}
      propertyPath: m_LocalRotation.w
      value: 1
      objectReference: {fileID: 0}
    - target: {fileID: 4260252827457976, guid: d73192bf1792efe4ea5b3732229b4607, type: 2}
      propertyPath: m_RootOrder
      value: 8
      objectReference: {fileID: 0}
    - target: {fileID: 114556241379272044, guid: d73192bf1792efe4ea5b3732229b4607,
        type: 2}
      propertyPath: player
      value: 
      objectReference: {fileID: 656103157}
    - target: {fileID: 1082827368273490, guid: d73192bf1792efe4ea5b3732229b4607, type: 2}
      propertyPath: m_Name
      value: Block (15)
      objectReference: {fileID: 0}
    - target: {fileID: 4260252827457976, guid: d73192bf1792efe4ea5b3732229b4607, type: 2}
      propertyPath: m_LocalScale.x
      value: 0.25
      objectReference: {fileID: 0}
    - target: {fileID: 4260252827457976, guid: d73192bf1792efe4ea5b3732229b4607, type: 2}
      propertyPath: m_LocalScale.y
      value: 0.25
      objectReference: {fileID: 0}
    - target: {fileID: 114556241379272044, guid: d73192bf1792efe4ea5b3732229b4607,
        type: 2}
      propertyPath: health
      value: 2
      objectReference: {fileID: 0}
    m_RemovedComponents: []
  m_ParentPrefab: {fileID: 100100000, guid: d73192bf1792efe4ea5b3732229b4607, type: 2}
  m_IsPrefabParent: 0
--- !u!1001 &696980208
Prefab:
  m_ObjectHideFlags: 0
  serializedVersion: 2
  m_Modification:
    m_TransformParent: {fileID: 578634113}
    m_Modifications:
    - target: {fileID: 4260252827457976, guid: d73192bf1792efe4ea5b3732229b4607, type: 2}
      propertyPath: m_LocalPosition.x
      value: 0.7833491
      objectReference: {fileID: 0}
    - target: {fileID: 4260252827457976, guid: d73192bf1792efe4ea5b3732229b4607, type: 2}
      propertyPath: m_LocalPosition.y
      value: -0.19916487
      objectReference: {fileID: 0}
    - target: {fileID: 4260252827457976, guid: d73192bf1792efe4ea5b3732229b4607, type: 2}
      propertyPath: m_LocalPosition.z
      value: 0.98339844
      objectReference: {fileID: 0}
    - target: {fileID: 4260252827457976, guid: d73192bf1792efe4ea5b3732229b4607, type: 2}
      propertyPath: m_LocalRotation.x
      value: -0
      objectReference: {fileID: 0}
    - target: {fileID: 4260252827457976, guid: d73192bf1792efe4ea5b3732229b4607, type: 2}
      propertyPath: m_LocalRotation.y
      value: -0
      objectReference: {fileID: 0}
    - target: {fileID: 4260252827457976, guid: d73192bf1792efe4ea5b3732229b4607, type: 2}
      propertyPath: m_LocalRotation.z
      value: -0
      objectReference: {fileID: 0}
    - target: {fileID: 4260252827457976, guid: d73192bf1792efe4ea5b3732229b4607, type: 2}
      propertyPath: m_LocalRotation.w
      value: 1
      objectReference: {fileID: 0}
    - target: {fileID: 4260252827457976, guid: d73192bf1792efe4ea5b3732229b4607, type: 2}
      propertyPath: m_RootOrder
      value: 0
      objectReference: {fileID: 0}
    - target: {fileID: 114556241379272044, guid: d73192bf1792efe4ea5b3732229b4607,
        type: 2}
      propertyPath: player
      value: 
      objectReference: {fileID: 656103157}
    - target: {fileID: 1082827368273490, guid: d73192bf1792efe4ea5b3732229b4607, type: 2}
      propertyPath: m_Name
      value: Block (5)
      objectReference: {fileID: 0}
    - target: {fileID: 114556241379272044, guid: d73192bf1792efe4ea5b3732229b4607,
        type: 2}
      propertyPath: health
      value: 2
      objectReference: {fileID: 0}
    m_RemovedComponents: []
  m_ParentPrefab: {fileID: 100100000, guid: d73192bf1792efe4ea5b3732229b4607, type: 2}
  m_IsPrefabParent: 0
--- !u!1001 &730945597
Prefab:
  m_ObjectHideFlags: 0
  serializedVersion: 2
  m_Modification:
    m_TransformParent: {fileID: 578634113}
    m_Modifications:
    - target: {fileID: 4260252827457976, guid: d73192bf1792efe4ea5b3732229b4607, type: 2}
      propertyPath: m_LocalPosition.x
      value: 0.7833491
      objectReference: {fileID: 0}
    - target: {fileID: 4260252827457976, guid: d73192bf1792efe4ea5b3732229b4607, type: 2}
      propertyPath: m_LocalPosition.y
      value: -1.1991649
      objectReference: {fileID: 0}
    - target: {fileID: 4260252827457976, guid: d73192bf1792efe4ea5b3732229b4607, type: 2}
      propertyPath: m_LocalPosition.z
      value: 0.98339844
      objectReference: {fileID: 0}
    - target: {fileID: 4260252827457976, guid: d73192bf1792efe4ea5b3732229b4607, type: 2}
      propertyPath: m_LocalRotation.x
      value: -0
      objectReference: {fileID: 0}
    - target: {fileID: 4260252827457976, guid: d73192bf1792efe4ea5b3732229b4607, type: 2}
      propertyPath: m_LocalRotation.y
      value: -0
      objectReference: {fileID: 0}
    - target: {fileID: 4260252827457976, guid: d73192bf1792efe4ea5b3732229b4607, type: 2}
      propertyPath: m_LocalRotation.z
      value: -0
      objectReference: {fileID: 0}
    - target: {fileID: 4260252827457976, guid: d73192bf1792efe4ea5b3732229b4607, type: 2}
      propertyPath: m_LocalRotation.w
      value: 1
      objectReference: {fileID: 0}
    - target: {fileID: 4260252827457976, guid: d73192bf1792efe4ea5b3732229b4607, type: 2}
      propertyPath: m_RootOrder
      value: 2
      objectReference: {fileID: 0}
    - target: {fileID: 114556241379272044, guid: d73192bf1792efe4ea5b3732229b4607,
        type: 2}
      propertyPath: player
      value: 
      objectReference: {fileID: 656103157}
    - target: {fileID: 1082827368273490, guid: d73192bf1792efe4ea5b3732229b4607, type: 2}
      propertyPath: m_Name
      value: Block (7)
      objectReference: {fileID: 0}
    - target: {fileID: 4260252827457976, guid: d73192bf1792efe4ea5b3732229b4607, type: 2}
      propertyPath: m_LocalScale.x
      value: 0.25
      objectReference: {fileID: 0}
    - target: {fileID: 4260252827457976, guid: d73192bf1792efe4ea5b3732229b4607, type: 2}
      propertyPath: m_LocalScale.y
      value: 0.25
      objectReference: {fileID: 0}
    - target: {fileID: 114556241379272044, guid: d73192bf1792efe4ea5b3732229b4607,
        type: 2}
      propertyPath: health
      value: 2
      objectReference: {fileID: 0}
    m_RemovedComponents: []
  m_ParentPrefab: {fileID: 100100000, guid: d73192bf1792efe4ea5b3732229b4607, type: 2}
  m_IsPrefabParent: 0
--- !u!4 &742561425 stripped
Transform:
  m_PrefabParentObject: {fileID: 4260252827457976, guid: d73192bf1792efe4ea5b3732229b4607,
    type: 2}
  m_PrefabInternal: {fileID: 1889666844}
--- !u!4 &789474034 stripped
Transform:
  m_PrefabParentObject: {fileID: 4260252827457976, guid: d73192bf1792efe4ea5b3732229b4607,
    type: 2}
  m_PrefabInternal: {fileID: 1243368062}
--- !u!1001 &830287514
Prefab:
  m_ObjectHideFlags: 0
  serializedVersion: 2
  m_Modification:
    m_TransformParent: {fileID: 578634113}
    m_Modifications:
    - target: {fileID: 4260252827457976, guid: d73192bf1792efe4ea5b3732229b4607, type: 2}
      propertyPath: m_LocalPosition.x
      value: 1.783349
      objectReference: {fileID: 0}
    - target: {fileID: 4260252827457976, guid: d73192bf1792efe4ea5b3732229b4607, type: 2}
      propertyPath: m_LocalPosition.y
      value: 4.800835
      objectReference: {fileID: 0}
    - target: {fileID: 4260252827457976, guid: d73192bf1792efe4ea5b3732229b4607, type: 2}
      propertyPath: m_LocalPosition.z
      value: 0.98339844
      objectReference: {fileID: 0}
    - target: {fileID: 4260252827457976, guid: d73192bf1792efe4ea5b3732229b4607, type: 2}
      propertyPath: m_LocalRotation.x
      value: -0
      objectReference: {fileID: 0}
    - target: {fileID: 4260252827457976, guid: d73192bf1792efe4ea5b3732229b4607, type: 2}
      propertyPath: m_LocalRotation.y
      value: -0
      objectReference: {fileID: 0}
    - target: {fileID: 4260252827457976, guid: d73192bf1792efe4ea5b3732229b4607, type: 2}
      propertyPath: m_LocalRotation.z
      value: -0
      objectReference: {fileID: 0}
    - target: {fileID: 4260252827457976, guid: d73192bf1792efe4ea5b3732229b4607, type: 2}
      propertyPath: m_LocalRotation.w
      value: 1
      objectReference: {fileID: 0}
    - target: {fileID: 4260252827457976, guid: d73192bf1792efe4ea5b3732229b4607, type: 2}
      propertyPath: m_RootOrder
      value: 13
      objectReference: {fileID: 0}
    - target: {fileID: 114556241379272044, guid: d73192bf1792efe4ea5b3732229b4607,
        type: 2}
      propertyPath: player
      value: 
      objectReference: {fileID: 656103157}
    - target: {fileID: 1082827368273490, guid: d73192bf1792efe4ea5b3732229b4607, type: 2}
      propertyPath: m_Name
      value: Block (20)
      objectReference: {fileID: 0}
    - target: {fileID: 4260252827457976, guid: d73192bf1792efe4ea5b3732229b4607, type: 2}
      propertyPath: m_LocalScale.x
      value: 0.25
      objectReference: {fileID: 0}
    - target: {fileID: 4260252827457976, guid: d73192bf1792efe4ea5b3732229b4607, type: 2}
      propertyPath: m_LocalScale.y
      value: 0.25
      objectReference: {fileID: 0}
    - target: {fileID: 114556241379272044, guid: d73192bf1792efe4ea5b3732229b4607,
        type: 2}
      propertyPath: health
      value: 2
      objectReference: {fileID: 0}
    m_RemovedComponents: []
  m_ParentPrefab: {fileID: 100100000, guid: d73192bf1792efe4ea5b3732229b4607, type: 2}
  m_IsPrefabParent: 0
--- !u!1001 &897538180
Prefab:
  m_ObjectHideFlags: 0
  serializedVersion: 2
  m_Modification:
    m_TransformParent: {fileID: 578634113}
    m_Modifications:
    - target: {fileID: 4260252827457976, guid: d73192bf1792efe4ea5b3732229b4607, type: 2}
      propertyPath: m_LocalPosition.x
      value: 0.7833491
      objectReference: {fileID: 0}
    - target: {fileID: 4260252827457976, guid: d73192bf1792efe4ea5b3732229b4607, type: 2}
      propertyPath: m_LocalPosition.y
      value: 0.80083513
      objectReference: {fileID: 0}
    - target: {fileID: 4260252827457976, guid: d73192bf1792efe4ea5b3732229b4607, type: 2}
      propertyPath: m_LocalPosition.z
      value: 0.98339844
      objectReference: {fileID: 0}
    - target: {fileID: 4260252827457976, guid: d73192bf1792efe4ea5b3732229b4607, type: 2}
      propertyPath: m_LocalRotation.x
      value: -0
      objectReference: {fileID: 0}
    - target: {fileID: 4260252827457976, guid: d73192bf1792efe4ea5b3732229b4607, type: 2}
      propertyPath: m_LocalRotation.y
      value: -0
      objectReference: {fileID: 0}
    - target: {fileID: 4260252827457976, guid: d73192bf1792efe4ea5b3732229b4607, type: 2}
      propertyPath: m_LocalRotation.z
      value: -0
      objectReference: {fileID: 0}
    - target: {fileID: 4260252827457976, guid: d73192bf1792efe4ea5b3732229b4607, type: 2}
      propertyPath: m_LocalRotation.w
      value: 1
      objectReference: {fileID: 0}
    - target: {fileID: 4260252827457976, guid: d73192bf1792efe4ea5b3732229b4607, type: 2}
      propertyPath: m_RootOrder
      value: 1
      objectReference: {fileID: 0}
    - target: {fileID: 114556241379272044, guid: d73192bf1792efe4ea5b3732229b4607,
        type: 2}
      propertyPath: player
      value: 
      objectReference: {fileID: 656103157}
    - target: {fileID: 1082827368273490, guid: d73192bf1792efe4ea5b3732229b4607, type: 2}
      propertyPath: m_Name
      value: Block (6)
      objectReference: {fileID: 0}
    - target: {fileID: 4260252827457976, guid: d73192bf1792efe4ea5b3732229b4607, type: 2}
      propertyPath: m_LocalScale.x
      value: 0.25
      objectReference: {fileID: 0}
    - target: {fileID: 4260252827457976, guid: d73192bf1792efe4ea5b3732229b4607, type: 2}
      propertyPath: m_LocalScale.y
      value: 0.25
      objectReference: {fileID: 0}
    - target: {fileID: 114556241379272044, guid: d73192bf1792efe4ea5b3732229b4607,
        type: 2}
      propertyPath: health
      value: 2
      objectReference: {fileID: 0}
    m_RemovedComponents: []
  m_ParentPrefab: {fileID: 100100000, guid: d73192bf1792efe4ea5b3732229b4607, type: 2}
  m_IsPrefabParent: 0
--- !u!1001 &921921630
Prefab:
  m_ObjectHideFlags: 0
  serializedVersion: 2
  m_Modification:
    m_TransformParent: {fileID: 578634113}
    m_Modifications:
    - target: {fileID: 4260252827457976, guid: d73192bf1792efe4ea5b3732229b4607, type: 2}
      propertyPath: m_LocalPosition.x
      value: 0.7833491
      objectReference: {fileID: 0}
    - target: {fileID: 4260252827457976, guid: d73192bf1792efe4ea5b3732229b4607, type: 2}
      propertyPath: m_LocalPosition.y
      value: 4.800835
      objectReference: {fileID: 0}
    - target: {fileID: 4260252827457976, guid: d73192bf1792efe4ea5b3732229b4607, type: 2}
      propertyPath: m_LocalPosition.z
      value: 0.98339844
      objectReference: {fileID: 0}
    - target: {fileID: 4260252827457976, guid: d73192bf1792efe4ea5b3732229b4607, type: 2}
      propertyPath: m_LocalRotation.x
      value: -0
      objectReference: {fileID: 0}
    - target: {fileID: 4260252827457976, guid: d73192bf1792efe4ea5b3732229b4607, type: 2}
      propertyPath: m_LocalRotation.y
      value: -0
      objectReference: {fileID: 0}
    - target: {fileID: 4260252827457976, guid: d73192bf1792efe4ea5b3732229b4607, type: 2}
      propertyPath: m_LocalRotation.z
      value: -0
      objectReference: {fileID: 0}
    - target: {fileID: 4260252827457976, guid: d73192bf1792efe4ea5b3732229b4607, type: 2}
      propertyPath: m_LocalRotation.w
      value: 1
      objectReference: {fileID: 0}
    - target: {fileID: 4260252827457976, guid: d73192bf1792efe4ea5b3732229b4607, type: 2}
      propertyPath: m_RootOrder
      value: 11
      objectReference: {fileID: 0}
    - target: {fileID: 114556241379272044, guid: d73192bf1792efe4ea5b3732229b4607,
        type: 2}
      propertyPath: player
      value: 
      objectReference: {fileID: 656103157}
    - target: {fileID: 1082827368273490, guid: d73192bf1792efe4ea5b3732229b4607, type: 2}
      propertyPath: m_Name
      value: Block (18)
      objectReference: {fileID: 0}
    - target: {fileID: 4260252827457976, guid: d73192bf1792efe4ea5b3732229b4607, type: 2}
      propertyPath: m_LocalScale.x
      value: 0.25
      objectReference: {fileID: 0}
    - target: {fileID: 4260252827457976, guid: d73192bf1792efe4ea5b3732229b4607, type: 2}
      propertyPath: m_LocalScale.y
      value: 0.25
      objectReference: {fileID: 0}
    - target: {fileID: 114556241379272044, guid: d73192bf1792efe4ea5b3732229b4607,
        type: 2}
      propertyPath: health
      value: 2
      objectReference: {fileID: 0}
    m_RemovedComponents: []
  m_ParentPrefab: {fileID: 100100000, guid: d73192bf1792efe4ea5b3732229b4607, type: 2}
  m_IsPrefabParent: 0
--- !u!1001 &1101506693
Prefab:
  m_ObjectHideFlags: 0
  serializedVersion: 2
  m_Modification:
    m_TransformParent: {fileID: 578634113}
    m_Modifications:
    - target: {fileID: 4260252827457976, guid: d73192bf1792efe4ea5b3732229b4607, type: 2}
      propertyPath: m_LocalPosition.x
      value: -3.216651
      objectReference: {fileID: 0}
    - target: {fileID: 4260252827457976, guid: d73192bf1792efe4ea5b3732229b4607, type: 2}
      propertyPath: m_LocalPosition.y
      value: -1.1991649
      objectReference: {fileID: 0}
    - target: {fileID: 4260252827457976, guid: d73192bf1792efe4ea5b3732229b4607, type: 2}
      propertyPath: m_LocalPosition.z
      value: 0.98339844
      objectReference: {fileID: 0}
    - target: {fileID: 4260252827457976, guid: d73192bf1792efe4ea5b3732229b4607, type: 2}
      propertyPath: m_LocalRotation.x
      value: -0
      objectReference: {fileID: 0}
    - target: {fileID: 4260252827457976, guid: d73192bf1792efe4ea5b3732229b4607, type: 2}
      propertyPath: m_LocalRotation.y
      value: -0
      objectReference: {fileID: 0}
    - target: {fileID: 4260252827457976, guid: d73192bf1792efe4ea5b3732229b4607, type: 2}
      propertyPath: m_LocalRotation.z
      value: -0
      objectReference: {fileID: 0}
    - target: {fileID: 4260252827457976, guid: d73192bf1792efe4ea5b3732229b4607, type: 2}
      propertyPath: m_LocalRotation.w
      value: 1
      objectReference: {fileID: 0}
    - target: {fileID: 4260252827457976, guid: d73192bf1792efe4ea5b3732229b4607, type: 2}
      propertyPath: m_RootOrder
      value: 9
      objectReference: {fileID: 0}
    - target: {fileID: 114556241379272044, guid: d73192bf1792efe4ea5b3732229b4607,
        type: 2}
      propertyPath: player
      value: 
      objectReference: {fileID: 656103157}
    - target: {fileID: 1082827368273490, guid: d73192bf1792efe4ea5b3732229b4607, type: 2}
      propertyPath: m_Name
      value: Block (16)
      objectReference: {fileID: 0}
    - target: {fileID: 4260252827457976, guid: d73192bf1792efe4ea5b3732229b4607, type: 2}
      propertyPath: m_LocalScale.x
      value: 0.25
      objectReference: {fileID: 0}
    - target: {fileID: 4260252827457976, guid: d73192bf1792efe4ea5b3732229b4607, type: 2}
      propertyPath: m_LocalScale.y
      value: 0.25
      objectReference: {fileID: 0}
    - target: {fileID: 114556241379272044, guid: d73192bf1792efe4ea5b3732229b4607,
        type: 2}
      propertyPath: health
      value: 2
      objectReference: {fileID: 0}
    m_RemovedComponents: []
  m_ParentPrefab: {fileID: 100100000, guid: d73192bf1792efe4ea5b3732229b4607, type: 2}
  m_IsPrefabParent: 0
--- !u!1001 &1146433882
Prefab:
  m_ObjectHideFlags: 0
  serializedVersion: 2
  m_Modification:
    m_TransformParent: {fileID: 578634113}
    m_Modifications:
    - target: {fileID: 4260252827457976, guid: d73192bf1792efe4ea5b3732229b4607, type: 2}
      propertyPath: m_LocalPosition.x
      value: -2.216651
      objectReference: {fileID: 0}
    - target: {fileID: 4260252827457976, guid: d73192bf1792efe4ea5b3732229b4607, type: 2}
      propertyPath: m_LocalPosition.y
      value: 3.8008351
      objectReference: {fileID: 0}
    - target: {fileID: 4260252827457976, guid: d73192bf1792efe4ea5b3732229b4607, type: 2}
      propertyPath: m_LocalPosition.z
      value: 0.98339844
      objectReference: {fileID: 0}
    - target: {fileID: 4260252827457976, guid: d73192bf1792efe4ea5b3732229b4607, type: 2}
      propertyPath: m_LocalRotation.x
      value: -0
      objectReference: {fileID: 0}
    - target: {fileID: 4260252827457976, guid: d73192bf1792efe4ea5b3732229b4607, type: 2}
      propertyPath: m_LocalRotation.y
      value: -0
      objectReference: {fileID: 0}
    - target: {fileID: 4260252827457976, guid: d73192bf1792efe4ea5b3732229b4607, type: 2}
      propertyPath: m_LocalRotation.z
      value: -0
      objectReference: {fileID: 0}
    - target: {fileID: 4260252827457976, guid: d73192bf1792efe4ea5b3732229b4607, type: 2}
      propertyPath: m_LocalRotation.w
      value: 1
      objectReference: {fileID: 0}
    - target: {fileID: 4260252827457976, guid: d73192bf1792efe4ea5b3732229b4607, type: 2}
      propertyPath: m_RootOrder
      value: 14
      objectReference: {fileID: 0}
    - target: {fileID: 114556241379272044, guid: d73192bf1792efe4ea5b3732229b4607,
        type: 2}
      propertyPath: player
      value: 
      objectReference: {fileID: 656103157}
    - target: {fileID: 1082827368273490, guid: d73192bf1792efe4ea5b3732229b4607, type: 2}
      propertyPath: m_Name
      value: Block (21)
      objectReference: {fileID: 0}
    - target: {fileID: 114556241379272044, guid: d73192bf1792efe4ea5b3732229b4607,
        type: 2}
      propertyPath: health
      value: 2
      objectReference: {fileID: 0}
    m_RemovedComponents: []
  m_ParentPrefab: {fileID: 100100000, guid: d73192bf1792efe4ea5b3732229b4607, type: 2}
  m_IsPrefabParent: 0
--- !u!4 &1148133144 stripped
Transform:
  m_PrefabParentObject: {fileID: 4260252827457976, guid: d73192bf1792efe4ea5b3732229b4607,
    type: 2}
  m_PrefabInternal: {fileID: 897538180}
--- !u!1001 &1243368062
Prefab:
  m_ObjectHideFlags: 0
  serializedVersion: 2
  m_Modification:
    m_TransformParent: {fileID: 578634113}
    m_Modifications:
    - target: {fileID: 4260252827457976, guid: d73192bf1792efe4ea5b3732229b4607, type: 2}
      propertyPath: m_LocalPosition.x
      value: 0.7833491
      objectReference: {fileID: 0}
    - target: {fileID: 4260252827457976, guid: d73192bf1792efe4ea5b3732229b4607, type: 2}
      propertyPath: m_LocalPosition.y
      value: -4.199165
      objectReference: {fileID: 0}
    - target: {fileID: 4260252827457976, guid: d73192bf1792efe4ea5b3732229b4607, type: 2}
      propertyPath: m_LocalPosition.z
      value: 0.98339844
      objectReference: {fileID: 0}
    - target: {fileID: 4260252827457976, guid: d73192bf1792efe4ea5b3732229b4607, type: 2}
      propertyPath: m_LocalRotation.x
      value: -0
      objectReference: {fileID: 0}
    - target: {fileID: 4260252827457976, guid: d73192bf1792efe4ea5b3732229b4607, type: 2}
      propertyPath: m_LocalRotation.y
      value: -0
      objectReference: {fileID: 0}
    - target: {fileID: 4260252827457976, guid: d73192bf1792efe4ea5b3732229b4607, type: 2}
      propertyPath: m_LocalRotation.z
      value: -0
      objectReference: {fileID: 0}
    - target: {fileID: 4260252827457976, guid: d73192bf1792efe4ea5b3732229b4607, type: 2}
      propertyPath: m_LocalRotation.w
      value: 1
      objectReference: {fileID: 0}
    - target: {fileID: 4260252827457976, guid: d73192bf1792efe4ea5b3732229b4607, type: 2}
      propertyPath: m_RootOrder
      value: 3
      objectReference: {fileID: 0}
    - target: {fileID: 114556241379272044, guid: d73192bf1792efe4ea5b3732229b4607,
        type: 2}
      propertyPath: player
      value: 
      objectReference: {fileID: 656103157}
    - target: {fileID: 1082827368273490, guid: d73192bf1792efe4ea5b3732229b4607, type: 2}
      propertyPath: m_Name
      value: Block (10)
      objectReference: {fileID: 0}
    - target: {fileID: 4260252827457976, guid: d73192bf1792efe4ea5b3732229b4607, type: 2}
      propertyPath: m_LocalScale.x
      value: 0.25
      objectReference: {fileID: 0}
    - target: {fileID: 4260252827457976, guid: d73192bf1792efe4ea5b3732229b4607, type: 2}
      propertyPath: m_LocalScale.y
      value: 0.25
      objectReference: {fileID: 0}
    - target: {fileID: 114556241379272044, guid: d73192bf1792efe4ea5b3732229b4607,
        type: 2}
      propertyPath: health
      value: 2
      objectReference: {fileID: 0}
    m_RemovedComponents: []
  m_ParentPrefab: {fileID: 100100000, guid: d73192bf1792efe4ea5b3732229b4607, type: 2}
  m_IsPrefabParent: 0
--- !u!4 &1310088557 stripped
Transform:
  m_PrefabParentObject: {fileID: 4260252827457976, guid: d73192bf1792efe4ea5b3732229b4607,
    type: 2}
  m_PrefabInternal: {fileID: 256909270}
--- !u!4 &1316414476 stripped
Transform:
  m_PrefabParentObject: {fileID: 4260252827457976, guid: d73192bf1792efe4ea5b3732229b4607,
    type: 2}
  m_PrefabInternal: {fileID: 1436706480}
--- !u!4 &1356824480 stripped
Transform:
  m_PrefabParentObject: {fileID: 4260252827457976, guid: d73192bf1792efe4ea5b3732229b4607,
    type: 2}
  m_PrefabInternal: {fileID: 691337552}
--- !u!1 &1380915531
GameObject:
  m_ObjectHideFlags: 0
  m_PrefabParentObject: {fileID: 0}
  m_PrefabInternal: {fileID: 0}
  serializedVersion: 5
  m_Component:
  - component: {fileID: 1380915533}
  - component: {fileID: 1380915532}
  m_Layer: 0
  m_Name: groundGrass
  m_TagString: Untagged
  m_Icon: {fileID: 0}
  m_NavMeshLayer: 0
  m_StaticEditorFlags: 0
  m_IsActive: 1
--- !u!212 &1380915532
SpriteRenderer:
  m_ObjectHideFlags: 0
  m_PrefabParentObject: {fileID: 0}
  m_PrefabInternal: {fileID: 0}
  m_GameObject: {fileID: 1380915531}
  m_Enabled: 1
  m_CastShadows: 0
  m_ReceiveShadows: 0
  m_DynamicOccludee: 1
  m_MotionVectors: 1
  m_LightProbeUsage: 1
  m_ReflectionProbeUsage: 1
  m_Materials:
  - {fileID: 10754, guid: 0000000000000000f000000000000000, type: 0}
  m_StaticBatchInfo:
    firstSubMesh: 0
    subMeshCount: 0
  m_StaticBatchRoot: {fileID: 0}
  m_ProbeAnchor: {fileID: 0}
  m_LightProbeVolumeOverride: {fileID: 0}
  m_ScaleInLightmap: 1
  m_PreserveUVs: 0
  m_IgnoreNormalsForChartDetection: 0
  m_ImportantGI: 0
  m_StitchLightmapSeams: 0
  m_SelectedEditorRenderState: 0
  m_MinimumChartSize: 4
  m_AutoUVMaxDistance: 0.5
  m_AutoUVMaxAngle: 89
  m_LightmapParameters: {fileID: 0}
  m_SortingLayerID: 0
  m_SortingLayer: 0
  m_SortingOrder: 0
  m_Sprite: {fileID: 21300000, guid: 06687166a056a8146900f28f8147c37b, type: 3}
  m_Color: {r: 1, g: 1, b: 1, a: 1}
  m_FlipX: 0
  m_FlipY: 0
  m_DrawMode: 0
  m_Size: {x: 5.12, y: 5.12}
  m_AdaptiveModeThreshold: 0.5
  m_SpriteTileMode: 0
  m_WasSpriteAssigned: 1
  m_MaskInteraction: 0
--- !u!4 &1380915533
Transform:
  m_ObjectHideFlags: 0
  m_PrefabParentObject: {fileID: 0}
  m_PrefabInternal: {fileID: 0}
  m_GameObject: {fileID: 1380915531}
  m_LocalRotation: {x: -0, y: -0, z: -0, w: 1}
  m_LocalPosition: {x: -2.7398014, y: -3.340218, z: 1}
  m_LocalScale: {x: 1, y: 1, z: 1}
  m_Children: []
  m_Father: {fileID: 468068971}
  m_RootOrder: 0
  m_LocalEulerAnglesHint: {x: 0, y: 0, z: 0}
--- !u!1001 &1436706480
Prefab:
  m_ObjectHideFlags: 0
  serializedVersion: 2
  m_Modification:
    m_TransformParent: {fileID: 578634113}
    m_Modifications:
    - target: {fileID: 4260252827457976, guid: d73192bf1792efe4ea5b3732229b4607, type: 2}
      propertyPath: m_LocalPosition.x
      value: -2.216651
      objectReference: {fileID: 0}
    - target: {fileID: 4260252827457976, guid: d73192bf1792efe4ea5b3732229b4607, type: 2}
      propertyPath: m_LocalPosition.y
      value: 4.800835
      objectReference: {fileID: 0}
    - target: {fileID: 4260252827457976, guid: d73192bf1792efe4ea5b3732229b4607, type: 2}
      propertyPath: m_LocalPosition.z
      value: 0.98339844
      objectReference: {fileID: 0}
    - target: {fileID: 4260252827457976, guid: d73192bf1792efe4ea5b3732229b4607, type: 2}
      propertyPath: m_LocalRotation.x
      value: -0
      objectReference: {fileID: 0}
    - target: {fileID: 4260252827457976, guid: d73192bf1792efe4ea5b3732229b4607, type: 2}
      propertyPath: m_LocalRotation.y
      value: -0
      objectReference: {fileID: 0}
    - target: {fileID: 4260252827457976, guid: d73192bf1792efe4ea5b3732229b4607, type: 2}
      propertyPath: m_LocalRotation.z
      value: -0
      objectReference: {fileID: 0}
    - target: {fileID: 4260252827457976, guid: d73192bf1792efe4ea5b3732229b4607, type: 2}
      propertyPath: m_LocalRotation.w
      value: 1
      objectReference: {fileID: 0}
    - target: {fileID: 4260252827457976, guid: d73192bf1792efe4ea5b3732229b4607, type: 2}
      propertyPath: m_RootOrder
      value: 15
      objectReference: {fileID: 0}
    - target: {fileID: 114556241379272044, guid: d73192bf1792efe4ea5b3732229b4607,
        type: 2}
      propertyPath: player
      value: 
      objectReference: {fileID: 656103157}
    - target: {fileID: 1082827368273490, guid: d73192bf1792efe4ea5b3732229b4607, type: 2}
      propertyPath: m_Name
      value: Block (22)
      objectReference: {fileID: 0}
    - target: {fileID: 4260252827457976, guid: d73192bf1792efe4ea5b3732229b4607, type: 2}
      propertyPath: m_LocalScale.x
      value: 0.25
      objectReference: {fileID: 0}
    - target: {fileID: 4260252827457976, guid: d73192bf1792efe4ea5b3732229b4607, type: 2}
      propertyPath: m_LocalScale.y
      value: 0.25
      objectReference: {fileID: 0}
    - target: {fileID: 114556241379272044, guid: d73192bf1792efe4ea5b3732229b4607,
        type: 2}
      propertyPath: health
      value: 2
      objectReference: {fileID: 0}
    m_RemovedComponents: []
  m_ParentPrefab: {fileID: 100100000, guid: d73192bf1792efe4ea5b3732229b4607, type: 2}
  m_IsPrefabParent: 0
--- !u!4 &1441597906 stripped
Transform:
  m_PrefabParentObject: {fileID: 4260252827457976, guid: d73192bf1792efe4ea5b3732229b4607,
    type: 2}
  m_PrefabInternal: {fileID: 921921630}
--- !u!1001 &1531007035
Prefab:
  m_ObjectHideFlags: 0
  serializedVersion: 2
  m_Modification:
    m_TransformParent: {fileID: 578634113}
    m_Modifications:
    - target: {fileID: 4260252827457976, guid: d73192bf1792efe4ea5b3732229b4607, type: 2}
      propertyPath: m_LocalPosition.x
      value: 0.7833491
      objectReference: {fileID: 0}
    - target: {fileID: 4260252827457976, guid: d73192bf1792efe4ea5b3732229b4607, type: 2}
      propertyPath: m_LocalPosition.y
      value: 3.8008351
      objectReference: {fileID: 0}
    - target: {fileID: 4260252827457976, guid: d73192bf1792efe4ea5b3732229b4607, type: 2}
      propertyPath: m_LocalPosition.z
      value: 0.98339844
      objectReference: {fileID: 0}
    - target: {fileID: 4260252827457976, guid: d73192bf1792efe4ea5b3732229b4607, type: 2}
      propertyPath: m_LocalRotation.x
      value: -0
      objectReference: {fileID: 0}
    - target: {fileID: 4260252827457976, guid: d73192bf1792efe4ea5b3732229b4607, type: 2}
      propertyPath: m_LocalRotation.y
      value: -0
      objectReference: {fileID: 0}
    - target: {fileID: 4260252827457976, guid: d73192bf1792efe4ea5b3732229b4607, type: 2}
      propertyPath: m_LocalRotation.z
      value: -0
      objectReference: {fileID: 0}
    - target: {fileID: 4260252827457976, guid: d73192bf1792efe4ea5b3732229b4607, type: 2}
      propertyPath: m_LocalRotation.w
      value: 1
      objectReference: {fileID: 0}
    - target: {fileID: 4260252827457976, guid: d73192bf1792efe4ea5b3732229b4607, type: 2}
      propertyPath: m_RootOrder
      value: 10
      objectReference: {fileID: 0}
    - target: {fileID: 114556241379272044, guid: d73192bf1792efe4ea5b3732229b4607,
        type: 2}
      propertyPath: player
      value: 
      objectReference: {fileID: 656103157}
    - target: {fileID: 1082827368273490, guid: d73192bf1792efe4ea5b3732229b4607, type: 2}
      propertyPath: m_Name
      value: Block (17)
      objectReference: {fileID: 0}
    - target: {fileID: 114556241379272044, guid: d73192bf1792efe4ea5b3732229b4607,
        type: 2}
      propertyPath: health
      value: 2
      objectReference: {fileID: 0}
    m_RemovedComponents: []
  m_ParentPrefab: {fileID: 100100000, guid: d73192bf1792efe4ea5b3732229b4607, type: 2}
  m_IsPrefabParent: 0
--- !u!4 &1621146390 stripped
Transform:
  m_PrefabParentObject: {fileID: 4260252827457976, guid: d73192bf1792efe4ea5b3732229b4607,
    type: 2}
  m_PrefabInternal: {fileID: 696980208}
--- !u!4 &1667944885 stripped
Transform:
  m_PrefabParentObject: {fileID: 4260252827457976, guid: d73192bf1792efe4ea5b3732229b4607,
    type: 2}
  m_PrefabInternal: {fileID: 1989599496}
--- !u!1001 &1674876893
Prefab:
  m_ObjectHideFlags: 0
  serializedVersion: 2
  m_Modification:
    m_TransformParent: {fileID: 578634113}
    m_Modifications:
    - target: {fileID: 4260252827457976, guid: d73192bf1792efe4ea5b3732229b4607, type: 2}
      propertyPath: m_LocalPosition.x
      value: 1.783349
      objectReference: {fileID: 0}
    - target: {fileID: 4260252827457976, guid: d73192bf1792efe4ea5b3732229b4607, type: 2}
      propertyPath: m_LocalPosition.y
      value: -4.199165
      objectReference: {fileID: 0}
    - target: {fileID: 4260252827457976, guid: d73192bf1792efe4ea5b3732229b4607, type: 2}
      propertyPath: m_LocalPosition.z
      value: 0.98339844
      objectReference: {fileID: 0}
    - target: {fileID: 4260252827457976, guid: d73192bf1792efe4ea5b3732229b4607, type: 2}
      propertyPath: m_LocalRotation.x
      value: -0
      objectReference: {fileID: 0}
    - target: {fileID: 4260252827457976, guid: d73192bf1792efe4ea5b3732229b4607, type: 2}
      propertyPath: m_LocalRotation.y
      value: -0
      objectReference: {fileID: 0}
    - target: {fileID: 4260252827457976, guid: d73192bf1792efe4ea5b3732229b4607, type: 2}
      propertyPath: m_LocalRotation.z
      value: -0
      objectReference: {fileID: 0}
    - target: {fileID: 4260252827457976, guid: d73192bf1792efe4ea5b3732229b4607, type: 2}
      propertyPath: m_LocalRotation.w
      value: 1
      objectReference: {fileID: 0}
    - target: {fileID: 4260252827457976, guid: d73192bf1792efe4ea5b3732229b4607, type: 2}
      propertyPath: m_RootOrder
      value: 18
      objectReference: {fileID: 0}
    - target: {fileID: 114556241379272044, guid: d73192bf1792efe4ea5b3732229b4607,
        type: 2}
      propertyPath: player
      value: 
      objectReference: {fileID: 656103157}
    - target: {fileID: 1082827368273490, guid: d73192bf1792efe4ea5b3732229b4607, type: 2}
      propertyPath: m_Name
      value: Block (25)
      objectReference: {fileID: 0}
    - target: {fileID: 4260252827457976, guid: d73192bf1792efe4ea5b3732229b4607, type: 2}
      propertyPath: m_LocalScale.x
      value: 0.25
      objectReference: {fileID: 0}
    - target: {fileID: 4260252827457976, guid: d73192bf1792efe4ea5b3732229b4607, type: 2}
      propertyPath: m_LocalScale.y
      value: 0.25
      objectReference: {fileID: 0}
    - target: {fileID: 114556241379272044, guid: d73192bf1792efe4ea5b3732229b4607,
        type: 2}
      propertyPath: health
      value: 2
      objectReference: {fileID: 0}
    m_RemovedComponents: []
  m_ParentPrefab: {fileID: 100100000, guid: d73192bf1792efe4ea5b3732229b4607, type: 2}
  m_IsPrefabParent: 0
--- !u!4 &1696519666 stripped
Transform:
  m_PrefabParentObject: {fileID: 4260252827457976, guid: d73192bf1792efe4ea5b3732229b4607,
    type: 2}
  m_PrefabInternal: {fileID: 27297995}
--- !u!4 &1745965790 stripped
Transform:
  m_PrefabParentObject: {fileID: 4260252827457976, guid: d73192bf1792efe4ea5b3732229b4607,
    type: 2}
  m_PrefabInternal: {fileID: 1101506693}
--- !u!1001 &1747301775
Prefab:
  m_ObjectHideFlags: 0
  serializedVersion: 2
  m_Modification:
    m_TransformParent: {fileID: 578634113}
    m_Modifications:
    - target: {fileID: 4260252827457976, guid: d73192bf1792efe4ea5b3732229b4607, type: 2}
      propertyPath: m_LocalPosition.x
      value: -3.216651
      objectReference: {fileID: 0}
    - target: {fileID: 4260252827457976, guid: d73192bf1792efe4ea5b3732229b4607, type: 2}
      propertyPath: m_LocalPosition.y
      value: -0.19916487
      objectReference: {fileID: 0}
    - target: {fileID: 4260252827457976, guid: d73192bf1792efe4ea5b3732229b4607, type: 2}
      propertyPath: m_LocalPosition.z
      value: 0.98339844
      objectReference: {fileID: 0}
    - target: {fileID: 4260252827457976, guid: d73192bf1792efe4ea5b3732229b4607, type: 2}
      propertyPath: m_LocalRotation.x
      value: -0
      objectReference: {fileID: 0}
    - target: {fileID: 4260252827457976, guid: d73192bf1792efe4ea5b3732229b4607, type: 2}
      propertyPath: m_LocalRotation.y
      value: -0
      objectReference: {fileID: 0}
    - target: {fileID: 4260252827457976, guid: d73192bf1792efe4ea5b3732229b4607, type: 2}
      propertyPath: m_LocalRotation.z
      value: -0
      objectReference: {fileID: 0}
    - target: {fileID: 4260252827457976, guid: d73192bf1792efe4ea5b3732229b4607, type: 2}
      propertyPath: m_LocalRotation.w
      value: 1
      objectReference: {fileID: 0}
    - target: {fileID: 4260252827457976, guid: d73192bf1792efe4ea5b3732229b4607, type: 2}
      propertyPath: m_RootOrder
      value: 7
      objectReference: {fileID: 0}
    - target: {fileID: 114556241379272044, guid: d73192bf1792efe4ea5b3732229b4607,
        type: 2}
      propertyPath: player
      value: 
      objectReference: {fileID: 656103157}
    - target: {fileID: 1082827368273490, guid: d73192bf1792efe4ea5b3732229b4607, type: 2}
      propertyPath: m_Name
      value: Block (14)
      objectReference: {fileID: 0}
    - target: {fileID: 114556241379272044, guid: d73192bf1792efe4ea5b3732229b4607,
        type: 2}
      propertyPath: health
      value: 2
      objectReference: {fileID: 0}
    m_RemovedComponents: []
  m_ParentPrefab: {fileID: 100100000, guid: d73192bf1792efe4ea5b3732229b4607, type: 2}
  m_IsPrefabParent: 0
--- !u!4 &1766447839 stripped
Transform:
  m_PrefabParentObject: {fileID: 4260252827457976, guid: d73192bf1792efe4ea5b3732229b4607,
    type: 2}
  m_PrefabInternal: {fileID: 730945597}
--- !u!4 &1841403679 stripped
Transform:
  m_PrefabParentObject: {fileID: 4260252827457976, guid: d73192bf1792efe4ea5b3732229b4607,
    type: 2}
  m_PrefabInternal: {fileID: 1747301775}
--- !u!1 &1841785726
GameObject:
  m_ObjectHideFlags: 0
  m_PrefabParentObject: {fileID: 0}
  m_PrefabInternal: {fileID: 0}
  serializedVersion: 5
  m_Component:
  - component: {fileID: 1841785728}
  - component: {fileID: 1841785727}
  m_Layer: 0
  m_Name: groundGrass (3)
  m_TagString: Untagged
  m_Icon: {fileID: 0}
  m_NavMeshLayer: 0
  m_StaticEditorFlags: 0
  m_IsActive: 1
--- !u!212 &1841785727
SpriteRenderer:
  m_ObjectHideFlags: 0
  m_PrefabParentObject: {fileID: 0}
  m_PrefabInternal: {fileID: 0}
  m_GameObject: {fileID: 1841785726}
  m_Enabled: 1
  m_CastShadows: 0
  m_ReceiveShadows: 0
  m_DynamicOccludee: 1
  m_MotionVectors: 1
  m_LightProbeUsage: 1
  m_ReflectionProbeUsage: 1
  m_Materials:
  - {fileID: 10754, guid: 0000000000000000f000000000000000, type: 0}
  m_StaticBatchInfo:
    firstSubMesh: 0
    subMeshCount: 0
  m_StaticBatchRoot: {fileID: 0}
  m_ProbeAnchor: {fileID: 0}
  m_LightProbeVolumeOverride: {fileID: 0}
  m_ScaleInLightmap: 1
  m_PreserveUVs: 0
  m_IgnoreNormalsForChartDetection: 0
  m_ImportantGI: 0
  m_StitchLightmapSeams: 0
  m_SelectedEditorRenderState: 0
  m_MinimumChartSize: 4
  m_AutoUVMaxDistance: 0.5
  m_AutoUVMaxAngle: 89
  m_LightmapParameters: {fileID: 0}
  m_SortingLayerID: 0
  m_SortingLayer: 0
  m_SortingOrder: 0
  m_Sprite: {fileID: 21300000, guid: 06687166a056a8146900f28f8147c37b, type: 3}
  m_Color: {r: 1, g: 1, b: 1, a: 1}
  m_FlipX: 0
  m_FlipY: 0
  m_DrawMode: 0
  m_Size: {x: 5.12, y: 5.12}
  m_AdaptiveModeThreshold: 0.5
  m_SpriteTileMode: 0
  m_WasSpriteAssigned: 1
  m_MaskInteraction: 0
--- !u!4 &1841785728
Transform:
  m_ObjectHideFlags: 0
  m_PrefabParentObject: {fileID: 0}
  m_PrefabInternal: {fileID: 0}
  m_GameObject: {fileID: 1841785726}
  m_LocalRotation: {x: -0, y: -0, z: -0, w: 1}
  m_LocalPosition: {x: 2.381199, y: 1.7787821, z: 1}
  m_LocalScale: {x: 1, y: 1, z: 1}
  m_Children: []
  m_Father: {fileID: 468068971}
  m_RootOrder: 3
  m_LocalEulerAnglesHint: {x: 0, y: 0, z: 0}
--- !u!1001 &1889666844
Prefab:
  m_ObjectHideFlags: 0
  serializedVersion: 2
  m_Modification:
    m_TransformParent: {fileID: 578634113}
    m_Modifications:
    - target: {fileID: 4260252827457976, guid: d73192bf1792efe4ea5b3732229b4607, type: 2}
      propertyPath: m_LocalPosition.x
      value: 1.783349
      objectReference: {fileID: 0}
    - target: {fileID: 4260252827457976, guid: d73192bf1792efe4ea5b3732229b4607, type: 2}
      propertyPath: m_LocalPosition.y
      value: 3.8008351
      objectReference: {fileID: 0}
    - target: {fileID: 4260252827457976, guid: d73192bf1792efe4ea5b3732229b4607, type: 2}
      propertyPath: m_LocalPosition.z
      value: 0.98339844
      objectReference: {fileID: 0}
    - target: {fileID: 4260252827457976, guid: d73192bf1792efe4ea5b3732229b4607, type: 2}
      propertyPath: m_LocalRotation.x
      value: -0
      objectReference: {fileID: 0}
    - target: {fileID: 4260252827457976, guid: d73192bf1792efe4ea5b3732229b4607, type: 2}
      propertyPath: m_LocalRotation.y
      value: -0
      objectReference: {fileID: 0}
    - target: {fileID: 4260252827457976, guid: d73192bf1792efe4ea5b3732229b4607, type: 2}
      propertyPath: m_LocalRotation.z
      value: -0
      objectReference: {fileID: 0}
    - target: {fileID: 4260252827457976, guid: d73192bf1792efe4ea5b3732229b4607, type: 2}
      propertyPath: m_LocalRotation.w
      value: 1
      objectReference: {fileID: 0}
    - target: {fileID: 4260252827457976, guid: d73192bf1792efe4ea5b3732229b4607, type: 2}
      propertyPath: m_RootOrder
      value: 12
      objectReference: {fileID: 0}
    - target: {fileID: 114556241379272044, guid: d73192bf1792efe4ea5b3732229b4607,
        type: 2}
      propertyPath: player
      value: 
      objectReference: {fileID: 656103157}
    - target: {fileID: 1082827368273490, guid: d73192bf1792efe4ea5b3732229b4607, type: 2}
      propertyPath: m_Name
      value: Block (19)
      objectReference: {fileID: 0}
    - target: {fileID: 114556241379272044, guid: d73192bf1792efe4ea5b3732229b4607,
        type: 2}
      propertyPath: health
      value: 2
      objectReference: {fileID: 0}
    m_RemovedComponents: []
  m_ParentPrefab: {fileID: 100100000, guid: d73192bf1792efe4ea5b3732229b4607, type: 2}
  m_IsPrefabParent: 0
--- !u!1001 &1989599496
Prefab:
  m_ObjectHideFlags: 0
  serializedVersion: 2
  m_Modification:
    m_TransformParent: {fileID: 578634113}
    m_Modifications:
    - target: {fileID: 4260252827457976, guid: d73192bf1792efe4ea5b3732229b4607, type: 2}
      propertyPath: m_LocalPosition.x
      value: -1.216651
      objectReference: {fileID: 0}
    - target: {fileID: 4260252827457976, guid: d73192bf1792efe4ea5b3732229b4607, type: 2}
      propertyPath: m_LocalPosition.y
      value: 3.8008351
      objectReference: {fileID: 0}
    - target: {fileID: 4260252827457976, guid: d73192bf1792efe4ea5b3732229b4607, type: 2}
      propertyPath: m_LocalPosition.z
      value: 0.98339844
      objectReference: {fileID: 0}
    - target: {fileID: 4260252827457976, guid: d73192bf1792efe4ea5b3732229b4607, type: 2}
      propertyPath: m_LocalRotation.x
      value: -0
      objectReference: {fileID: 0}
    - target: {fileID: 4260252827457976, guid: d73192bf1792efe4ea5b3732229b4607, type: 2}
      propertyPath: m_LocalRotation.y
      value: -0
      objectReference: {fileID: 0}
    - target: {fileID: 4260252827457976, guid: d73192bf1792efe4ea5b3732229b4607, type: 2}
      propertyPath: m_LocalRotation.z
      value: -0
      objectReference: {fileID: 0}
    - target: {fileID: 4260252827457976, guid: d73192bf1792efe4ea5b3732229b4607, type: 2}
      propertyPath: m_LocalRotation.w
      value: 1
      objectReference: {fileID: 0}
    - target: {fileID: 4260252827457976, guid: d73192bf1792efe4ea5b3732229b4607, type: 2}
      propertyPath: m_RootOrder
      value: 16
      objectReference: {fileID: 0}
    - target: {fileID: 114556241379272044, guid: d73192bf1792efe4ea5b3732229b4607,
        type: 2}
      propertyPath: player
      value: 
      objectReference: {fileID: 656103157}
    - target: {fileID: 1082827368273490, guid: d73192bf1792efe4ea5b3732229b4607, type: 2}
      propertyPath: m_Name
      value: Block (23)
      objectReference: {fileID: 0}
    - target: {fileID: 114556241379272044, guid: d73192bf1792efe4ea5b3732229b4607,
        type: 2}
      propertyPath: health
      value: 2
      objectReference: {fileID: 0}
    m_RemovedComponents: []
  m_ParentPrefab: {fileID: 100100000, guid: d73192bf1792efe4ea5b3732229b4607, type: 2}
  m_IsPrefabParent: 0
--- !u!4 &1996733042 stripped
Transform:
  m_PrefabParentObject: {fileID: 4260252827457976, guid: d73192bf1792efe4ea5b3732229b4607,
    type: 2}
  m_PrefabInternal: {fileID: 1531007035}
--- !u!4 &2077664590 stripped
Transform:
  m_PrefabParentObject: {fileID: 4260252827457976, guid: d73192bf1792efe4ea5b3732229b4607,
    type: 2}
  m_PrefabInternal: {fileID: 1674876893}
--- !u!1001 &2101343337
Prefab:
  m_ObjectHideFlags: 0
  serializedVersion: 2
  m_Modification:
    m_TransformParent: {fileID: 578634113}
    m_Modifications:
    - target: {fileID: 4260252827457976, guid: d73192bf1792efe4ea5b3732229b4607, type: 2}
      propertyPath: m_LocalPosition.x
      value: 1.783349
      objectReference: {fileID: 0}
    - target: {fileID: 4260252827457976, guid: d73192bf1792efe4ea5b3732229b4607, type: 2}
      propertyPath: m_LocalPosition.y
      value: -1.1991649
      objectReference: {fileID: 0}
    - target: {fileID: 4260252827457976, guid: d73192bf1792efe4ea5b3732229b4607, type: 2}
      propertyPath: m_LocalPosition.z
      value: 0.98339844
      objectReference: {fileID: 0}
    - target: {fileID: 4260252827457976, guid: d73192bf1792efe4ea5b3732229b4607, type: 2}
      propertyPath: m_LocalRotation.x
      value: -0
      objectReference: {fileID: 0}
    - target: {fileID: 4260252827457976, guid: d73192bf1792efe4ea5b3732229b4607, type: 2}
      propertyPath: m_LocalRotation.y
      value: -0
      objectReference: {fileID: 0}
    - target: {fileID: 4260252827457976, guid: d73192bf1792efe4ea5b3732229b4607, type: 2}
      propertyPath: m_LocalRotation.z
      value: -0
      objectReference: {fileID: 0}
    - target: {fileID: 4260252827457976, guid: d73192bf1792efe4ea5b3732229b4607, type: 2}
      propertyPath: m_LocalRotation.w
      value: 1
      objectReference: {fileID: 0}
    - target: {fileID: 4260252827457976, guid: d73192bf1792efe4ea5b3732229b4607, type: 2}
      propertyPath: m_RootOrder
      value: 6
      objectReference: {fileID: 0}
    - target: {fileID: 114556241379272044, guid: d73192bf1792efe4ea5b3732229b4607,
        type: 2}
      propertyPath: player
      value: 
      objectReference: {fileID: 656103157}
    - target: {fileID: 1082827368273490, guid: d73192bf1792efe4ea5b3732229b4607, type: 2}
      propertyPath: m_Name
      value: Block (13)
      objectReference: {fileID: 0}
    - target: {fileID: 4260252827457976, guid: d73192bf1792efe4ea5b3732229b4607, type: 2}
      propertyPath: m_LocalScale.x
      value: 0.25
      objectReference: {fileID: 0}
    - target: {fileID: 4260252827457976, guid: d73192bf1792efe4ea5b3732229b4607, type: 2}
      propertyPath: m_LocalScale.y
      value: 0.25
      objectReference: {fileID: 0}
    - target: {fileID: 114556241379272044, guid: d73192bf1792efe4ea5b3732229b4607,
        type: 2}
      propertyPath: health
      value: 2
      objectReference: {fileID: 0}
    m_RemovedComponents: []
  m_ParentPrefab: {fileID: 100100000, guid: d73192bf1792efe4ea5b3732229b4607, type: 2}
  m_IsPrefabParent: 0
